@article{lee2008importance,
	title={The importance of walking to public health},
	author={Lee, I-Min and Buchner, David M},
	journal={Medicine \& Science in Sports \& Exercise},
	volume={40},
	number={7},
	pages={S512--S518},
	year={2008},
	publisher={LWW}
}